%% This BibTeX bibliography file was created using BibDesk.
%% http://bibdesk.sourceforge.net/


%% Created for Spencer Smith at 2014-04-17 11:34:00 -0400 


%% Saved with string encoding Unicode (UTF-8) 



@techreport{gonzalo:2011,
	Author = {Gonzalo Sanchez and Spencer Smith and Ned Nedialkov},
	Date-Added = {2013-06-07 21:08:45 -0400},
	Date-Modified = {2013-06-07 21:10:21 -0400},
	Institution = {McSCert},
	Month = {July},
	Number = {2},
	Title = {{C}ertification of {S}cientific {C}omputing {S}oftware},
	Year = {2011}}

@article{SegalAndMorris:2008,
	Author = {Judith Segal and Chris Morris},
	Date-Added = {2013-06-01 14:34:52 -0400},
	Date-Modified = {2013-06-02 16:32:24 -0400},
	Journal = {IEEE Software},
	Month = {July/August},
	Number = {4},
	Title = {Developing Scientific Software},
	Volume = {25},
	Year = {2008},
	Bdsk-File-1 = {YnBsaXN0MDDUAQIDBAUGJCVYJHZlcnNpb25YJG9iamVjdHNZJGFyY2hpdmVyVCR0b3ASAAGGoKgHCBMUFRYaIVUkbnVsbNMJCgsMDxJXTlMua2V5c1pOUy5vYmplY3RzViRjbGFzc6INDoACgAOiEBGABIAFgAdccmVsYXRpdmVQYXRoWWFsaWFzRGF0YV8QHy4uLy4uLy4uL0Rlc2t0b3AvMjB0aC1zZWdhbC5wZGbSFwsYGVdOUy5kYXRhTxEBdgAAAAABdgACAAAFMjUwR0IAAAAAAAAAAAAAAAAAAAAAAAAAAAAAx9RfkUgrAAAAaNLnDjIwdGgtc2VnYWwucGRmAAAAAAAAAAAAAAAAAAAAAAAAAAAAAAAAAAAAAAAAAAAAAAAAAAAAAAAAAAAAAAAAAADCcoHNz7chAAAAAAAAAAAAAwACAAAJIAAAAAAAAAAAAAAAAAAAAAdEZXNrdG9wAAAQAAgAAMfUl9EAAAARAAgAAM3P72EAAAABAAwAaNLnAGjS3AAAkvMAAgAzMjUwR0I6VXNlcnM6bmlybWl0aGFrb290aG9vcjpEZXNrdG9wOjIwdGgtc2VnYWwucGRmAAAOAB4ADgAyADAAdABoAC0AcwBlAGcAYQBsAC4AcABkAGYADwAMAAUAMgA1ADAARwBCABIALVVzZXJzL25pcm1pdGhha29vdGhvb3IvRGVza3RvcC8yMHRoLXNlZ2FsLnBkZgAAEwABLwAAFQACABf//wAAgAbSGxwdHlokY2xhc3NuYW1lWCRjbGFzc2VzXU5TTXV0YWJsZURhdGGjHR8gVk5TRGF0YVhOU09iamVjdNIbHCIjXE5TRGljdGlvbmFyeaIiIF8QD05TS2V5ZWRBcmNoaXZlctEmJ1Ryb290gAEACAARABoAIwAtADIANwBAAEYATQBVAGAAZwBqAGwAbgBxAHMAdQB3AIQAjgCwALUAvQI3AjkCPgJJAlICYAJkAmsCdAJ5AoYCiQKbAp4CowAAAAAAAAIBAAAAAAAAACgAAAAAAAAAAAAAAAAAAAKl}}

@book{IEEE2000,
	Date-Added = {2013-05-27 18:27:42 -0400},
	Date-Modified = {2013-05-27 18:29:11 -0400},
	Edition = {2nd},
	Editor = {R. H. Thayer and M. Dorfman},
	Publisher = {IEEE Computer Society, Washington, DC, USA},
	Title = {IEEE Recommended Practice for Software Requirements Specifications},
	Year = {2000}}

@article{SmithEtAl2007,
	Author = {W. Spencer Smith and Lei Lai and Ridha Khedri},
	Date-Added = {2013-05-16 16:32:02 -0400},
	Date-Modified = {2013-06-02 16:23:42 -0400},
	Journal = {Reliable Computing, Special Issue on Reliable Engineering Computation},
	Title = {Requirements Analysis for Engineering Computation: A Systematic Approach for Improving Software Reliability},
	Volume = {13},
	Year = {2007},
	Bdsk-File-1 = {YnBsaXN0MDDUAQIDBAUGJCVYJHZlcnNpb25YJG9iamVjdHNZJGFyY2hpdmVyVCR0b3ASAAGGoKgHCBMUFRYaIVUkbnVsbNMJCgsMDxJXTlMua2V5c1pOUy5vYmplY3RzViRjbGFzc6INDoACgAOiEBGABIAFgAdccmVsYXRpdmVQYXRoWWFsaWFzRGF0YV8QOy4uLy4uLy4uL0Rlc2t0b3AvRHIuU21pdGgvU21pdGhMYWlBbmRLaGVkcmkyMDA3ZnVsbHRleHQucGRm0hcLGBlXTlMuZGF0YU8RAdYAAAAAAdYAAgAABTI1MEdCAAAAAAAAAAAAAAAAAAAAAAAAAAAAAMfUX5FIKwAAAKWprR9TbWl0aExhaUFuZEtoZWRyaTIwMCM4RDJGNzQucGRmAAAAAAAAAAAAAAAAAAAAAAAAAAAAAAAAAAAAAAAAAAAAjS90y+vFPgAAAAAAAAAAAAMAAwAACSAAAAAAAAAAAAAAAAAAAAAIRHIuU21pdGgAEAAIAADH1JfRAAAAEQAIAADL6/1+AAAAAQAQAKWprQBo0ucAaNLcAACS8wACAE0yNTBHQjpVc2VyczpuaXJtaXRoYWtvb3Rob29yOkRlc2t0b3A6RHIuU21pdGg6U21pdGhMYWlBbmRLaGVkcmkyMDAjOEQyRjc0LnBkZgAADgBEACEAUwBtAGkAdABoAEwAYQBpAEEAbgBkAEsAaABlAGQAcgBpADIAMAAwADcAZgB1AGwAbAB0AGUAeAB0AC4AcABkAGYADwAMAAUAMgA1ADAARwBCABIASVVzZXJzL25pcm1pdGhha29vdGhvb3IvRGVza3RvcC9Eci5TbWl0aC9TbWl0aExhaUFuZEtoZWRyaTIwMDdmdWxsdGV4dC5wZGYAABMAAS8AABUAAgAX//8AAIAG0hscHR5aJGNsYXNzbmFtZVgkY2xhc3Nlc11OU011dGFibGVEYXRhox0fIFZOU0RhdGFYTlNPYmplY3TSGxwiI1xOU0RpY3Rpb25hcnmiIiBfEA9OU0tleWVkQXJjaGl2ZXLRJidUcm9vdIABAAgAEQAaACMALQAyADcAQABGAE0AVQBgAGcAagBsAG4AcQBzAHUAdwCEAI4AzADRANkCswK1AroCxQLOAtwC4ALnAvAC9QMCAwUDFwMaAx8AAAAAAAACAQAAAAAAAAAoAAAAAAAAAAAAAAAAAAADIQ==}}

@book{IEEESrs:1998,
	Author = {IEEE},
	Date-Added = {2013-05-14 22:05:50 -0400},
	Date-Modified = {2013-06-02 16:03:31 -0400},
	Keywords = {SRS, requirements, specifications, software, system},
	Month = {June},
	Pages = {4--8},
	Publisher = {IEEE},
	Rating = {1},
	Title = {Recommended practice for Software Requirements Specifications},
	Year = {1998},
	Bdsk-File-1 = {YnBsaXN0MDDUAQIDBAUGJCVYJHZlcnNpb25YJG9iamVjdHNZJGFyY2hpdmVyVCR0b3ASAAGGoKgHCBMUFRYaIVUkbnVsbNMJCgsMDxJXTlMua2V5c1pOUy5vYmplY3RzViRjbGFzc6INDoACgAOiEBGABIAFgAdccmVsYXRpdmVQYXRoWWFsaWFzRGF0YV8QJC4uLy4uLy4uL0Rlc2t0b3AvSUVFRVN0ZDgzMC0xOTk4LnBkZtIXCxgZV05TLmRhdGFPEQGIAAAAAAGIAAIAAAUyNTBHQgAAAAAAAAAAAAAAAAAAAAAAAAAAAADH1F+RSCsAAABo0ucTSUVFRVN0ZDgzMC0xOTk4LnBkZgAAAAAAAAAAAAAAAAAAAAAAAAAAAAAAAAAAAAAAAAAAAAAAAAAAAAAAAAAAAL75uM24ZNoAAAAAAAAAAAADAAIAAAkgAAAAAAAAAAAAAAAAAAAAB0Rlc2t0b3AAABAACAAAx9SX0QAAABEACAAAzbidGgAAAAEADABo0ucAaNLcAACS8wACADgyNTBHQjpVc2VyczpuaXJtaXRoYWtvb3Rob29yOkRlc2t0b3A6SUVFRVN0ZDgzMC0xOTk4LnBkZgAOACgAEwBJAEUARQBFAFMAdABkADgAMwAwAC0AMQA5ADkAOAAuAHAAZABmAA8ADAAFADIANQAwAEcAQgASADJVc2Vycy9uaXJtaXRoYWtvb3Rob29yL0Rlc2t0b3AvSUVFRVN0ZDgzMC0xOTk4LnBkZgATAAEvAAAVAAIAF///AACABtIbHB0eWiRjbGFzc25hbWVYJGNsYXNzZXNdTlNNdXRhYmxlRGF0YaMdHyBWTlNEYXRhWE5TT2JqZWN00hscIiNcTlNEaWN0aW9uYXJ5oiIgXxAPTlNLZXllZEFyY2hpdmVy0SYnVHJvb3SAAQAIABEAGgAjAC0AMgA3AEAARgBNAFUAYABnAGoAbABuAHEAcwB1AHcAhACOALUAugDCAk4CUAJVAmACaQJ3AnsCggKLApACnQKgArICtQK6AAAAAAAAAgEAAAAAAAAAKAAAAAAAAAAAAAAAAAAAArw=}}

@mastersthesis{Lai2004,
	Author = {Lei Lai},
	Date-Added = {2012-06-20 14:21:10 -0400},
	Date-Modified = {2012-08-02 00:21:23 -0400},
	Month = {September},
	School = {McMaster University, Hamilton, Ontario, Canada},
	Title = {Requirements Documentation for Engineering Mechanics Software: Guidelines, Template and a Case Requirements Documentation for Engineering Mechanics Software: Guidelines, Template and a Case Studycase Study},
	Year = {2004},
	Bdsk-File-1 = {YnBsaXN0MDDUAQIDBAUGJCVYJHZlcnNpb25YJG9iamVjdHNZJGFyY2hpdmVyVCR0b3ASAAGGoKgHCBMUFRYaIVUkbnVsbNMJCgsMDxJXTlMua2V5c1pOUy5vYmplY3RzViRjbGFzc6INDoACgAOiEBGABIAFgAdccmVsYXRpdmVQYXRoWWFsaWFzRGF0YV8QPC4uLy4uLy4uL0RvY3VtZW50cy9QYXBlcnMvVGhlc2lzX0ZpbmFsVmVyc2lvbl9TZXB0N18yMDA0LnBkZtIXCxgZV05TLmRhdGFPEQHWAAAAAAHWAAIAAAUyNTBHQgAAAAAAAAAAAAAAAAAAAAAAAAAAAADH1F+RSCsAAACPgZgfVGhlc2lzX0ZpbmFsVmVyc2lvbl8jOEY3RkZBLnBkZgAAAAAAAAAAAAAAAAAAAAAAAAAAAAAAAAAAAAAAAAAAAI9/+r1k4vwAAAAAAAAAAAADAAMAAAkgAAAAAAAAAAAAAAAAAAAABlBhcGVycwAQAAgAAMfUl9EAAAARAAgAAL1lGzwAAAABABAAj4GYAGjS6QBo0twAAJLzAAIATTI1MEdCOlVzZXJzOm5pcm1pdGhha29vdGhvb3I6RG9jdW1lbnRzOlBhcGVyczpUaGVzaXNfRmluYWxWZXJzaW9uXyM4RjdGRkEucGRmAAAOAEYAIgBUAGgAZQBzAGkAcwBfAEYAaQBuAGEAbABWAGUAcgBzAGkAbwBuAF8AUwBlAHAAdAA3AF8AMgAwADAANAAuAHAAZABmAA8ADAAFADIANQAwAEcAQgASAEpVc2Vycy9uaXJtaXRoYWtvb3Rob29yL0RvY3VtZW50cy9QYXBlcnMvVGhlc2lzX0ZpbmFsVmVyc2lvbl9TZXB0N18yMDA0LnBkZgATAAEvAAAVAAIAF///AACABtIbHB0eWiRjbGFzc25hbWVYJGNsYXNzZXNdTlNNdXRhYmxlRGF0YaMdHyBWTlNEYXRhWE5TT2JqZWN00hscIiNcTlNEaWN0aW9uYXJ5oiIgXxAPTlNLZXllZEFyY2hpdmVy0SYnVHJvb3SAAQAIABEAGgAjAC0AMgA3AEAARgBNAFUAYABnAGoAbABuAHEAcwB1AHcAhACOAM0A0gDaArQCtgK7AsYCzwLdAuEC6ALxAvYDAwMGAxgDGwMgAAAAAAAAAgEAAAAAAAAAKAAAAAAAAAAAAAAAAAAAAyI=}}

@inproceedings{SmithAndLai2005,
	Address = {Paris, France},
	Author = {W. Spencer Smith and Lei Lai},
	Booktitle = {Proceedings of the First International Workshop on Situational Requirements Engineering Processes -- Methods, Techniques and Tools to Support Situation-Specific Requirements Engineering Processes, SREP'05},
	Date-Added = {2012-06-20 13:50:14 -0400},
	Date-Modified = {2012-08-02 00:25:23 -0400},
	Editor = {J. Ralyt\'{e} and P. \.{A}gerfalk and N. Kraiem},
	Month = {August},
	Organization = {In conjunction with 13th IEEE International Requirements Engineering Conference},
	Title = {A New Requirements Template for Scientific Computing},
	Year = {2005},
	Bdsk-File-1 = {YnBsaXN0MDDUAQIDBAUGJCVYJHZlcnNpb25YJG9iamVjdHNZJGFyY2hpdmVyVCR0b3ASAAGGoKgHCBMUFRYaIVUkbnVsbNMJCgsMDxJXTlMua2V5c1pOUy5vYmplY3RzViRjbGFzc6INDoACgAOiEBGABIAFgAdccmVsYXRpdmVQYXRoWWFsaWFzRGF0YV8QLi4uLy4uLy4uL0RvY3VtZW50cy9QYXBlcnMvU21pdGhBbmRMYWlfMjAwNS5wZGbSFwsYGVdOUy5kYXRhTxEBoAAAAAABoAACAAAFMjUwR0IAAAAAAAAAAAAAAAAAAAAAAAAAAAAAx9RfkUgrAAAAj4GYFFNtaXRoQW5kTGFpXzIwMDUucGRmAAAAAAAAAAAAAAAAAAAAAAAAAAAAAAAAAAAAAAAAAAAAAAAAAAAAAAAAAACNLxvL68T8AAAAAAAAAAAAAwADAAAJIAAAAAAAAAAAAAAAAAAAAAZQYXBlcnMAEAAIAADH1JfRAAAAEQAIAADL6/08AAAAAQAQAI+BmABo0ukAaNLcAACS8wACAEIyNTBHQjpVc2VyczpuaXJtaXRoYWtvb3Rob29yOkRvY3VtZW50czpQYXBlcnM6U21pdGhBbmRMYWlfMjAwNS5wZGYADgAqABQAUwBtAGkAdABoAEEAbgBkAEwAYQBpAF8AMgAwADAANQAuAHAAZABmAA8ADAAFADIANQAwAEcAQgASADxVc2Vycy9uaXJtaXRoYWtvb3Rob29yL0RvY3VtZW50cy9QYXBlcnMvU21pdGhBbmRMYWlfMjAwNS5wZGYAEwABLwAAFQACABf//wAAgAbSGxwdHlokY2xhc3NuYW1lWCRjbGFzc2VzXU5TTXV0YWJsZURhdGGjHR8gVk5TRGF0YVhOU09iamVjdNIbHCIjXE5TRGljdGlvbmFyeaIiIF8QD05TS2V5ZWRBcmNoaXZlctEmJ1Ryb290gAEACAARABoAIwAtADIANwBAAEYATQBVAGAAZwBqAGwAbgBxAHMAdQB3AIQAjgC/AMQAzAJwAnICdwKCAosCmQKdAqQCrQKyAr8CwgLUAtcC3AAAAAAAAAIBAAAAAAAAACgAAAAAAAAAAAAAAAAAAALe}}

@comment{BibDesk Static Groups{
<?xml version="1.0" encoding="UTF-8"?>
<!DOCTYPE plist PUBLIC "-//Apple//DTD PLIST 1.0//EN" "http://www.apple.com/DTDs/PropertyList-1.0.dtd">
<plist version="1.0">
<array>
	<dict>
		<key>group name</key>
		<string>Group</string>
		<key>keys</key>
		<string></string>
	</dict>
</array>
</plist>
}}
